<?xml version="1.0" encoding="UTF-8"?>
<collection xmlns:xsi="http://www.w3.org/2001/XMLSchema-instance" xsi:schemaLocation="http://www.loc.gov/MARC21/slim http://www.loc.gov/standards/marcxml/schema/MARC21slim.xsd" xmlns="http://www.loc.gov/MARC21/slim">
<record>
  <leader>00759cam a2200241   4500</leader>
  <controlfield tag="001">2871236</controlfield>
  <controlfield tag="003">NNC</controlfield>
  <controlfield tag="005">20130425234624.0</controlfield>
  <controlfield tag="008">890514s1955    ua            000 0bara d</controlfield>
  <datafield tag="010" ind1=" " ind2=" ">
    <subfield code="a">ne 63000780 </subfield>
  </datafield>
  <datafield tag="035" ind1=" " ind2=" ">
    <subfield code="a">(OCoLC)ocm23495606</subfield>
  </datafield>
  <datafield tag="035" ind1=" " ind2=" ">
    <subfield code="9">ASA5817CU</subfield>
  </datafield>
  <datafield tag="035" ind1=" " ind2=" ">
    <subfield code="a">(NNC)2871236</subfield>
  </datafield>
  <datafield tag="040" ind1=" " ind2=" ">
    <subfield code="a">EYM</subfield>
    <subfield code="c">EYM</subfield>
    <subfield code="d">CLE</subfield>
    <subfield code="d">ZCU</subfield>
  </datafield>
  <datafield tag="090" ind1=" " ind2=" ">
    <subfield code="a">BP75</subfield>
    <subfield code="b">.I2 1955</subfield>
  </datafield>
  <datafield tag="100" ind1="1" ind2=" ">
    <subfield code="a">Ibn Hishām, ʻAbd al-Malik,</subfield>
    <subfield code="d">-834.</subfield>
  </datafield>
  <datafield tag="245" ind1="1" ind2="0">
    <subfield code="a">Tahdhīb Sīrat Ibn Hishām /</subfield>
    <subfield code="c">ʻAbd al-Salām Hārūn.</subfield>
  </datafield>
  <datafield tag="260" ind1=" " ind2=" ">
    <subfield code="a">al-Qāhirah :</subfield>
    <subfield code="b">Dār Saʻd Miṣr,</subfield>
    <subfield code="c">1955.</subfield>
  </datafield>
  <datafield tag="300" ind1=" " ind2=" ">
    <subfield code="a">2 v. ;</subfield>
    <subfield code="c">25 cm.</subfield>
  </datafield>
  <datafield tag="600" ind1="0" ind2="0">
    <subfield code="a">Muḥammad,</subfield>
    <subfield code="c">Prophet,</subfield>
    <subfield code="d">-632.</subfield>
  </datafield>
  <datafield tag="700" ind1="1" ind2=" ">
    <subfield code="a">Hārūn, ʻAbd al-Salām Muḥammad.</subfield>
  </datafield>
  <datafield tag="700" ind1="1" ind2="2">
    <subfield code="a">Ibn Hishām, ʻAbd al-Malik,</subfield>
    <subfield code="d">-834.</subfield>
    <subfield code="t">Sīrat Rasūl Allāh.</subfield>
  </datafield>
  <datafield tag="955" ind1=" " ind2=" ">
    <subfield code="b">0045342342</subfield>
    <subfield code="d">glx</subfield>
    <subfield code="e">BP75 .I2 1955</subfield>
    <subfield code="v">v.2</subfield>
  </datafield>
</record>
</collection>